@online{Speditionsvertrag,
	author = {N/A},
	title = {Speditionsvertrag: Definition, Erklärung & Beispiele},
	date = {N/A},
	url = {https://studienretter.de/speditionsvertrag/#inhalt-wer-ist-spediteur-im-rahmen-des-speditionsvertrags-gemaess-hgb},
}

@online{ADSp,
	author = {Björn Karaus},
	title = {Allgemeine Deutsche Spediteurbedingungen},
	date = {2023},
	url = {https://www.dslv.org/de/adsp},
}

@online{handelskauf,
	author = {N/A},
	title = {Handelskauf},
	date = {N/A},
	url = {https://studienretter.de/handelskauf/},
}

@book{Großkommentar_HGB,
	author = {Claus-Wilhelm Canaris. Mathias Habersack, Carsten Schäfer, Stefan Grundmann},
	title = {HGB Großkommentar},
	date = {19.07.2021},
}

@online{lagergeschaeft,
	author = {N/A},
	title = {Lagergeschäft - Ware wird vom Lagerhalter aufbewahrt},
	date = {N/A},
	url = {http://www.handelsrecht-ratgeber.de/handelsrecht/handelsgeschaefte/lagergeschaeft.html},
}

@book{Speditionsbetriebslehre_und_Logistik,
	author = {Dorit Oelfke},
	title = {Speditionsbetriebslehre und Logistik},
	date = {03.2008},
}

@book{Handelsrecht,
	author = {Hartmut Oetker},
	title = {Handelsrecht},
	date = {2010},
}

@online{frachtvertrag,
	author = {N/A},
	title = {Frachtvertrag: Definition, Erklärung & Beispiele},
	date = {N/A},
	url = {https://studienretter.de/frachtvertrag/},
}
